% Encoding: UTF-8

@Online{IBM2023,
  author       = {IBM},
  date         = {2023-03-15},
  title        = {Optical Character Recognition (OCR).},
  url          = {https://www.ibm.com/cloud/blog/optical-character-recognition},
  note         = {, accessed March 15th 2023},
  journaltitle = {https://www.ibm.com/cloud/blog/optical-character-recognition},
}

@Online{Oracle2023,
  author = {Oracle},
  date   = {2023-03-15},
  title  = {Text To Speech (TTS).},
  url    = {https://www.oracle.com/java/technologies/speech-api-frequently-asked-questions.html},
  note   = {, accessed March 15th 2023},
}

@Online{Ltd2023,
  author = {Postsnap Group Ltd},
  date   = {2023-03-15},
  title  = {Postcard App - PostSnap UK},
  url    = {https://apps.apple.com/gb/app/postcard-app-postsnap-uk/id650814139},
  note   = {, accessed March 15th 2023},
}

@Online{Tensorflow2023,
  author = {Tensorflow},
  date   = {2023-03-15},
  title  = {Tensorflow with Keras},
  url    = {https://www.tensorflow.org/guide/keras?hl=pt-br},
  note   = {, accessed March 15th 2023},
}

@Online{Kotlin2023,
  author = {Kotlin},
  date   = {2023-03-15},
  title  = {Kotlin Language},
  url    = {https://kotlinlang.org},
  note   = {, accessed March 15th 2023},
}

@Online{Spring2023,
  author       = {Spring},
  date         = {2023-03-15},
  title        = {Spring},
  url          = {https://spring.io},
  note         = {, accessed March 15th 2023},
  journaltitle = {https://spring.io},
}

@Online{Compose2023,
  author = {Compose},
  date   = {2023-03-15},
  title  = {Android Jetpack Compose},
  url    = {https://developer.android.com/jetpack/compose},
  note   = {, accessed March 15th 2023},
}

@Online{Postgres2023,
  author = {Postgres},
  date   = {2023-03-15},
  title  = {PostgresSQL},
  url    = {https://www.postgresql.org},
  note   = {, accessed March 15th 2023},
}

@Online{Python2023,
  author = {Python},
  date   = {2023-03-15},
  title  = {Python Language},
  url    = {https://www.python.org},
  note   = {, accessed March 15th 2023},
}

@Online{IAM2023,
  author = {IAM},
  date   = {2023-03-15},
  title  = {IAM Handwritten Database},
  url    = {https://fki.tic.heia-fr.ch/databases/iam-handwriting-database},
  note   = {, accessed March 16th 2023},
}

@Comment{jabref-meta: databaseType:biblatex;}
