% Encoding: UTF-8

@Online{whatsapp,
  author = {WhatsApp},
  title  = {WhatsApp},
  year   = {2023},
  date   = {2023-05-22},
  url    = {https://www.whatsapp.com/},
}

@Online{MyPostcard,
  author = {MyPostcard},
  title  = {MyPostcard},
  year   = {2023},
  date   = {2023-05-22},
  url    = {https://www.https://www.mypostcard.com/en/},
}


@Online{Telegram,
  author = {Telegram},
  title  = {Telegram},
  year   = {2023},
  date   = {2023-05-22},
  url    = {https://telegram.org},
}

@Online{HTR,
  author = {A.K Nain, Sayak Paul},
  title  = {Handwriting recognition},
  year   = {2023},
  date   = {2023-05-22},
  url    = {https://keras.io/examples/vision/handwriting\_recognition/},
}


@Online{CRAFT-Text,
  author = {Youngmin Baek},
  title  = {CRAFT: Character-Region Awareness For Text detection},
  year   = {2023},
  date   = {2023-05-22},
  url    = {https://arxiv.org/abs/1904.01941},
}



@Online{Keras-ocr,
  author = {Fausto Morales},
  title  = {Keras OCR Detector},
  year   = {2023},
  date   = {2023-05-22},
  url    = {https://keras-ocr.readthedocs.io/en/latest/api.html#core-detector-and-recognizer},
}


@Online{OnlineHTR,
  author = {Victor Carbune},
  title  = {Fast multi-language LSTM-based online handwriting recognition},
  year   = {2023},
  date   = {2023-05-22},
  url    = {https://link.springer.com/article/10.1007/s10032-020-00350-4},
}


@Online{IAM,
  author = {IAM},
  title  = {IAM Handwriting database},
  year   = {2023},
  date   = {2023-05-22},
  url    = {https://fki.tic.heia-fr.ch/databases/iam-handwriting-database},
}

@Online{SVG,
  author = {W3C},
  title  = {Scalable Vector Graphics},
  year   = {2023},
  date   = {2023-05-22},
  url    = {https://www.w3.org/Graphics/SVG/},
}








